@online{mongodbbestpractices,
author = {Phani Pasupula},
title = {MongoDB/Mongoose connect best practices},
year = {2014},
url = {http://phaninder.com/posts/mongodbmongoose-connect-best-practices},
OPTdate = {11},
OPTmonth = {March}
}

@online{davidsevcik,
author = {David Sevcik},
title = {Design Patterns in Node.js:},
year = {2014},
url = {http://blog.davidsevcik.com/design-patterns-nodejs-module-pattern},
OPTsubtitle = {Module Pattern},
OPTdate = {25},
OPTmonth = {February}
}

@online{adequatelygooddecentprogrammingadvice,
author = {Ben Cherry},
title = {JavaScript Module Pattern: In-Depth},
year = {2010},
url = {http://www.adequatelygood.com/JavaScript-Module-Pattern-In-Depth.html},
OPTdate = {12},
OPTmonth = {March}
}

@article{BeyondtheCoxmodel,
author = {R Joshi, C Reeves},
title = {Beyond the Cox model: Artificial neural networks for survival analysis part II},
journaltitle = {Research Gate},
year = {2006}
}





